<record><leader>00000cas a22000007a 4500</leader><controlfield tag="001">12739465</controlfield><controlfield tag="008">851030d18981960inuwr ne      0    0eng d</controlfield><datafield ind1=" " ind2=" " tag="010"><subfield code="a">sn 85048127 </subfield></datafield><datafield ind1=" " ind2=" " tag="040"><subfield code="a">NPI</subfield><subfield code="b">eng</subfield><subfield code="c">NPI</subfield><subfield code="d">YOX</subfield><subfield code="d">OCLCQ</subfield></datafield><datafield ind1=" " ind2=" " tag="042"><subfield code="a">msc</subfield></datafield><datafield ind1="0" ind2=" " tag="130"><subfield code="a">Reflector (Jeffersonville, Ind. : Weekly)</subfield></datafield><datafield ind1="1" ind2="4" tag="245"><subfield code="a">The Reflector.</subfield></datafield><datafield ind1=" " ind2=" " tag="260"><subfield code="a">Jeffersonville, Ind. :</subfield><subfield code="b">Inmates of The Indiana Reformatory</subfield></datafield><datafield ind1=" " ind2=" " tag="300"><subfield code="a">v. :</subfield><subfield code="b">ill. ;</subfield><subfield code="c">37-56 cm.</subfield></datafield><datafield ind1=" " ind2=" " tag="310"><subfield code="a">Weekly,</subfield><subfield code="b">1949-1960</subfield></datafield><datafield ind1=" " ind2=" " tag="321"><subfield code="a">Weekly,</subfield><subfield code="b">1898-&lt;1915&gt;</subfield></datafield><datafield ind1=" " ind2=" " tag="321"><subfield code="a">Semiweekly,</subfield><subfield code="b">&lt;1929&gt;-1949</subfield></datafield><datafield ind1="1" ind2=" " tag="362"><subfield code="a">Began in 1898</subfield><subfield code="z">Cf. Miller, John W. Indiana newspaper bibliog.</subfield></datafield><datafield ind1="0" ind2=" " tag="362"><subfield code="a">-v.62, no. 205 (Dec. 9, 1960).</subfield></datafield><datafield ind1=" " ind2=" " tag="500"><subfield code="a">Published in Pendleton, Ind., &lt;1923&gt;.</subfield></datafield><datafield ind1=" " ind2=" " tag="500"><subfield code="a">"Nonpolitical" Cf. Miller.</subfield></datafield><datafield ind1=" " ind2=" " tag="588"><subfield code="a">Description based on: Vol. 2, no. 34 (Aug. 12, 1899).</subfield></datafield><datafield ind1=" " ind2="4" tag="651"><subfield code="a">Jeffersonville (Ind.)</subfield><subfield code="v">Newspapers.</subfield></datafield><datafield ind1=" " ind2="4" tag="651"><subfield code="a">Pendleton (Ind.)</subfield><subfield code="v">Newspapers.</subfield></datafield><datafield ind1=" " ind2=" " tag="752"><subfield code="a">United States</subfield><subfield code="b">Indiana</subfield><subfield code="c">Clark</subfield><subfield code="d">Jeffersonville.</subfield></datafield><datafield ind1=" " ind2=" " tag="752"><subfield code="a">United States</subfield><subfield code="b">Indiana</subfield><subfield code="c">Madison</subfield><subfield code="d">Pendleton.</subfield></datafield><datafield ind1="0" ind2=" " tag="775"><subfield code="t">Reflector (Jeffersonville, Ind. : Daily)</subfield><subfield code="w">(DLC)sn 85048128</subfield></datafield><datafield ind1="0" ind2=" " tag="775"><subfield code="t">Daily reflector (Jeffersonville, Ind.)</subfield><subfield code="w">(DLC)sn 85048129</subfield></datafield><datafield ind1="0" ind2="0" tag="785"><subfield code="t">Pendleton reflector</subfield><subfield code="w">(DLC)sn 85048144</subfield></datafield><datafield ind1="1" ind2=" " tag="029"><subfield code="a">AU@</subfield><subfield code="b">000024687522</subfield></datafield></record>